@article{VRMC,
	title={The Virtual Reality Medical Center}
	, url={http://www.vrphobia.com/index.htm}
	, author={Virtual Reality Medical Center}
	, year={2016}
}

@article{PhobiaList,
	title={Phobia List – The Ultimate List of Phobias and Fears}
	, url={http://www.fearof.net/}
	, author={Jacob Olesen}
}

@article{VRTool,
	title={La realidad virtual como herramienta para la investigación}
	, url={http://www.conacytprensa.mx/index.php/tecnologia/tic/17715-realidad-virtual-herramienta-investigacion}
	, author={Hugo Valencia Juliao}
}
